<?xml version="1.0" encoding="UTF-8"?><collection xmlns="http://www.loc.gov/MARC21/slim"><record><leader>00777nam--2200217-u-4500</leader><controlfield tag="001">000053113</controlfield><controlfield tag="002">20161230</controlfield><controlfield tag="005">20161230201050</controlfield><controlfield tag="008">110106s1000------------r-----000-0-eng-d</controlfield><datafield ind1=" " ind2=" " tag="020"><subfield code="a">0306465035</subfield></datafield><datafield ind1=" " ind2=" " tag="040"><subfield code="a">IFIN-HH</subfield></datafield><datafield ind1=" " ind2=" " tag="080"><subfield code="a">539.19:53.08</subfield></datafield><datafield ind1="1" ind2=" " tag="100"><subfield code="a">Becker, Uwe</subfield></datafield><datafield ind1="1" ind2="0" tag="245"><subfield code="a">Complete scattering experience</subfield><subfield code="b">Proceedings of the hans kleipoppen symposium on complete scattering experiments, held july 12-13, 1998, in ciocco, luca, italy in honor of the 70th birthday of hans kleipoppen</subfield><subfield code="c">UWE BECKER; ALBERT CROWE (Eds.)</subfield></datafield><datafield ind1=" " ind2=" " tag="260"><subfield code="a">MOSCOW</subfield><subfield code="b">Kluwer Academic/Plenum Publishers</subfield><subfield code="c">2001</subfield></datafield><datafield ind1=" " ind2=" " tag="300"><subfield code="a">279P</subfield></datafield><datafield ind1=" " ind2=" " tag="490"><subfield code="a">Physics Of Atoms And Molecules</subfield></datafield><datafield ind1=" " ind2="4" tag="650"><subfield code="a">Photoionization</subfield></datafield><datafield ind1="1" ind2=" " tag="700"><subfield code="a">Crowe, Albert</subfield><subfield code="e">Ed</subfield></datafield><datafield ind1=" " ind2=" " tag="852"><subfield code="a">82222</subfield><subfield code="c">539</subfield></datafield><datafield ind1=" " ind2=" " tag="CAT"><subfield code="a">Sys</subfield><subfield code="c">20110106</subfield><subfield code="h">090253</subfield></datafield></record></collection>